<?xml version="1.0" encoding="UTF-8"?><collection xmlns="http://www.loc.gov/MARC21/slim"><record><leader>00445nam--2200169-i-4500</leader><controlfield tag="001">000043123</controlfield><controlfield tag="002">20161230</controlfield><controlfield tag="005">20161230201043</controlfield><controlfield tag="008">060222s1000------------r-----000-0-eng-d</controlfield><datafield ind1=" " ind2=" " tag="040"><subfield code="a">IFIN-HH</subfield></datafield><datafield ind1=" " ind2=" " tag="080"><subfield code="a">535-1:535-31</subfield></datafield><datafield ind1="1" ind2=" " tag="100"><subfield code="a">Summer,W</subfield></datafield><datafield ind1="1" ind2="0" tag="245"><subfield code="a">Ultra-viiolet and infra-red engineering</subfield><subfield code="c">W. summer</subfield></datafield><datafield ind1=" " ind2=" " tag="260"><subfield code="a">London</subfield><subfield code="b">Sir Isaac Pitman &amp; Sons, Ltd</subfield><subfield code="c">1962</subfield></datafield><datafield ind1=" " ind2=" " tag="300"><subfield code="a">XX + 300 P</subfield></datafield><datafield ind1=" " ind2=" " tag="852"><subfield code="a">17511</subfield><subfield code="c">535</subfield></datafield><datafield ind1=" " ind2=" " tag="CAT"><subfield code="a">Sys</subfield><subfield code="c">20101021</subfield><subfield code="h">154159</subfield></datafield></record></collection>